@article{siggraphseamcarving,
  title={Seam carving for content-aware image resizing},
  author={Shai Avidan, 	Ariel Shamir},
  journal={ACM Trans. Graph},
  volume={26},
  number={3},
  pages={10},
  year={2007},
}
@article{distinctiveimagefeatures,
  title={Distinctive	image	features	from	scale-invariant	keypoints},
  author={Lowe, David},
  journal={International Journal of Computer Vision},
  volume={60},
  number={2},
  pages={91--110},
  year={2004}
}
@article{detectionoflocalfeatures,
  title={Detection of local features invariant to
affine transformations},
  author={Mikolajczyk, Krystian},
  journal={International Journal of Computer Vision},
  volume={60},
  number={2},
  pages={91--110},
  year={2002}
}
